@book{lakos1996large,
  title={Large-scale C++ software design},
  author={Lakos, John},
  volume={10},
  year={1996},
  publisher={Addison-Wesley Reading}
}

@book{siek2001boost,
  title={Boost Graph Library: User Guide and Reference Manual, The},
  author={Siek, Jeremy G and Lee, Lie-Quan and Lumsdaine, Andrew},
  year={2001},
  publisher={Pearson Education}
}

@misc{martin2005joint,
  title={Joint strike fighter air vehicle c++ coding standards for the system development and demonstration program},
  author={Martin, Lockheed},
  year={2005},
  publisher={Document}
}


@book{stroustrup1997,
  title={The C++ Programming Language (3rd edition)},
  author={Stroustrup, Bjarne},
  year={1997},
  ISBN={0-201-88954-4}
}

@book{stroustrup2013,
  title={The C++ Programming Language (4th edition)},
  author={Stroustrup, Bjarne},
  year={2013},
  ISBN={978-0-321-56384-2}
}

@misc{cpp_faq_lite,
  title={C++ FAQ Lite},
  author={Cline, Marshall},
  year={1996}
}
